% This file was created with JabRef 2.7.
% Encoding: UTF8

@ARTICLE{BCFLMR_TPDS08,
  author = {Beaumont, Olivier and Carter, Larry and Ferrante, Jeanne and Legrand,
	Arnaud and Marchal, Loris and Robert, Yves},
  title = {{Centralized Versus Distributed Schedulers Multiple Bag-of-Tasks
	Applications}},
  journal = {IEEE Transactions on Parallel and Distributed Systems},
  year = {2008},
  volume = {19},
  pages = {698--709},
  number = {5},
  month = may,
  owner = {sascha},
  timestamp = {2011.09.16}
}

@INPROCEEDINGS{legrand_ccgrid03,
  author = {Casanova, Henri and Legrand, Arnaud and Marchal, Loris},
  title = {{Scheduling Distributed Applications: the SimGrid Simulation Framework}},
  booktitle = {Proceedings of the Third IEEE International Symposium on Cluster
	Computing and the Grid (CCGrid'03)},
  year = {2003},
  owner = {sascha},
  timestamp = {2011.09.16}
}

@BOOK{TelBook,
  title = {{Introduction to Distributed Algorithms}},
  publisher = {Cambridge University Press},
  year = {2001},
  author = {Tel, Gerard},
  address = {New York, NY, USA},
  edition = {2nd},
  isbn = {0521794838},
  owner = {sascha},
  timestamp = {2011.09.16}
}

